<record><leader>00000cas a22000007a 4500</leader><controlfield tag="001">1697271</controlfield><controlfield tag="008">751012d18591880mnuwr ne      0    0eng d</controlfield><datafield ind1=" " ind2=" " tag="010"><subfield code="a">sn 84031606 </subfield></datafield><datafield ind1=" " ind2=" " tag="040"><subfield code="a">MUL</subfield><subfield code="b">eng</subfield><subfield code="c">MUL</subfield><subfield code="d">NYG</subfield><subfield code="d">NPX</subfield><subfield code="d">NPU</subfield><subfield code="d">MN#</subfield><subfield code="d">OCL</subfield><subfield code="d">OCLCQ</subfield><subfield code="d">OCLCF</subfield><subfield code="d">OCLCO</subfield><subfield code="d">CUS</subfield></datafield><datafield ind1=" " ind2=" " tag="042"><subfield code="a">msc</subfield></datafield><datafield ind1=" " ind2=" " tag="043"><subfield code="a">n-us-mn</subfield></datafield><datafield ind1="1" ind2="4" tag="050"><subfield code="a">AN</subfield></datafield><datafield ind1=" " ind2=" " tag="052"><subfield code="a">4144</subfield><subfield code="b">R4</subfield></datafield><datafield ind1=" " ind2=" " tag="052"><subfield code="a">4143</subfield><subfield code="b">G6</subfield></datafield><datafield ind1="0" ind2="0" tag="245"><subfield code="a">Goodhue County Republican.</subfield></datafield><datafield ind1=" " ind2=" " tag="260"><subfield code="a">Red Wing, Minn. :</subfield><subfield code="b">Hubbard &amp; Davis</subfield></datafield><datafield ind1=" " ind2=" " tag="300"><subfield code="a">volumes ;</subfield><subfield code="c">59-67 cm.</subfield></datafield><datafield ind1=" " ind2=" " tag="310"><subfield code="a">Weekly</subfield></datafield><datafield ind1=" " ind2=" " tag="336"><subfield code="a">text</subfield><subfield code="b">txt</subfield><subfield code="2">rdacontent</subfield></datafield><datafield ind1=" " ind2=" " tag="337"><subfield code="a">unmediated</subfield><subfield code="b">n</subfield><subfield code="2">rdamedia</subfield></datafield><datafield ind1=" " ind2=" " tag="338"><subfield code="a">volume</subfield><subfield code="b">nc</subfield><subfield code="2">rdacarrier</subfield></datafield><datafield ind1="1" ind2=" " tag="362"><subfield code="a">Began with Aug. 12, 1859, issue.</subfield><subfield code="z">Cf. Gregory, W. Amer. newspapers.</subfield></datafield><datafield ind1="0" ind2=" " tag="362"><subfield code="a">-v. 23, no. 52 (July 29, 1880).</subfield></datafield><datafield ind1=" " ind2=" " tag="530"><subfield code="a">Available on microfilm from the Minnesota Historical Society.</subfield></datafield><datafield ind1=" " ind2=" " tag="588"><subfield code="a">Description based on: Vol. 3, no. 23 (Feb. 3, 1860).</subfield></datafield><datafield ind1=" " ind2="0" tag="651"><subfield code="a">Red Wing (Minn.)</subfield><subfield code="v">Newspapers.</subfield></datafield><datafield ind1=" " ind2="7" tag="651"><subfield code="a">Minnesota</subfield><subfield code="z">Red Wing.</subfield><subfield code="2">fast</subfield><subfield code="0">(OCoLC)fst01206394</subfield></datafield><datafield ind1=" " ind2="7" tag="655"><subfield code="a">Newspapers.</subfield><subfield code="2">fast</subfield><subfield code="0">(OCoLC)fst01423814</subfield></datafield><datafield ind1=" " ind2=" " tag="752"><subfield code="a">United States</subfield><subfield code="b">Minnesota</subfield><subfield code="c">Goodhue</subfield><subfield code="d">Red Wing.</subfield></datafield><datafield ind1="0" ind2=" " tag="775"><subfield code="t">Daily Republican (Red Wing, Minn. : 1860)</subfield><subfield code="w">(DLC)sn 89064566</subfield><subfield code="w">(OCoLC)20865683</subfield></datafield><datafield ind1="0" ind2="0" tag="780"><subfield code="t">Red Wing Republican (Red Wing, Minn. : 1857)</subfield><subfield code="w">(DLC)sn 89064563</subfield><subfield code="w">(OCoLC)1775168</subfield></datafield><datafield ind1="0" ind2="0" tag="785"><subfield code="t">Republican (Red Wing, Minn. : 1880)</subfield><subfield code="w">(DLC)sn 89064565</subfield><subfield code="w">(OCoLC)20865070</subfield></datafield><datafield ind1="1" ind2=" " tag="029"><subfield code="a">AU@</subfield><subfield code="b">000020232447</subfield></datafield></record>